@book{AIbook,
    author      = {Thrun, Sebastian},
    title       = {Probabilistic Robotics},
    volume      = {},
    series      = {},
    publisher   = {The MIT Press},
    address     = {},
    edition     = {},
    month       = {August},
    year        = {2005},
    isbn        = {978-0262201629}
},
@book{FBS,
	author      = {Karl Johan Åström and Richard M. Murray},
	title       = {Feedback Systems},
	volume      = {},
	series      = {},
	publisher   = {Princeton University Press},
	address     = {},
	edition     = {},
	month       = {August},
	year        = {2008},
	isbn        = {978-0691135762}
}
